@inproceedings{Christophe2014,
  title = {Prevalence and Maintenance of Automated Functional Tests for Web Applications},
  booktitle = {Proceedings of 30th International Conference on Software Maintenance and Evolution},
  series = {ICSME 2014},
  year = {2014},
  publisher = {IEEE},
  author = {Laurent Christophe and Reinout Stevens and Coen De Roover and Wolfgang De Meuter}
}

@inproceedings{2013-Ricca-wse,
  Author = {Filippo Ricca and Maurizio Leotta and Andrea Stocco and Diego Clerissi and Paolo Tonella},
  Booktitle = {Proceedings of 15th International Symposium on Web Systems Evolution},
  Pages = {39-44},
  Publisher = {IEEE},
  Series = {WSE 2013},
  Title = {Web Testware Evolution},
  Year = {2013}
}

@article{Gao:2016:SGT:3046547.3046580,
 author = {Gao, Zebao and Chen, Zhenyu and Zou, Yunxiao and Memon, Atif M.},
 title = {SITAR: GUI Test Script Repair},
 journal = {IEEE Trans. Softw. Eng.},
 issue_date = {February 2016},
 volume = {42},
 number = {2},
 month = feb,
 year = {2016},
 issn = {0098-5589},
 pages = {170--186},
 numpages = {17},
 url = {https://doi.org/10.1109/TSE.2015.2454510},
 doi = {10.1109/TSE.2015.2454510},
 acmid = {3046580},
 publisher = {IEEE Press},
 address = {Piscataway, NJ, USA},
}

@inproceedings{Daniel:2011:AGR:2002931.2002937,
 author = {Daniel, Brett and Luo, Qingzhou and Mirzaaghaei, Mehdi and Dig, Danny and Marinov, Darko and Pezz\`{e}, Mauro},
 title = {Automated GUI Refactoring and Test Script Repair},
 booktitle = {Proceedings of the First International Workshop on End-to-End Test Script Engineering},
 series = {ETSE '11},
 year = {2011},
 isbn = {978-1-4503-0808-3},
 location = {Toronto, Ontario, Canada},
 pages = {38--41},
 numpages = {4},
 url = {http://doi.acm.org/10.1145/2002931.2002937},
 doi = {10.1145/2002931.2002937},
 acmid = {2002937},
 publisher = {ACM},
 address = {New York, NY, USA},
 keywords = {GUI maintenance, GUI refactoring, automated GUI testing, graphical user interfaces},
} 

@inproceedings{Daniel:2011:RTR:1985793.1985978,
 author = {Daniel, Brett and Dig, Danny and Gvero, Tihomir and Jagannath, Vilas and Jiaa, Johnston and Mitchell, Damion and Nogiec, Jurand and Tan, Shin Hwei and Marinov, Darko},
 title = {ReAssert: A Tool for Repairing Broken Unit Tests},
 booktitle = {Proceedings of the 33rd International Conference on Software Engineering},
 series = {ICSE '11},
 year = {2011},
 isbn = {978-1-4503-0445-0},
 location = {Waikiki, Honolulu, HI, USA},
 pages = {1010--1012},
 numpages = {3},
 url = {http://doi.acm.org/10.1145/1985793.1985978},
 doi = {10.1145/1985793.1985978},
 acmid = {1985978},
 publisher = {ACM},
 address = {New York, NY, USA},
 keywords = {reassert, test repair, testing tools, unit testing},
} 

@inproceedings{Daniel:2009:RSR:1747491.1747538,
 author = {Daniel, Brett and Jagannath, Vilas and Dig, Danny and Marinov, Darko},
 title = {ReAssert: Suggesting Repairs for Broken Unit Tests},
 booktitle = {Proceedings of the 2009 IEEE/ACM International Conference on Automated Software Engineering},
 series = {ASE '09},
 year = {2009},
 isbn = {978-0-7695-3891-4},
 pages = {433--444},
 numpages = {12},
 url = {http://dx.doi.org/10.1109/ASE.2009.17},
 doi = {10.1109/ASE.2009.17},
 acmid = {1747538},
 publisher = {IEEE Computer Society},
 address = {Washington, DC, USA},
 keywords = {Software testing, Software maintenance, Software tools, Software test maintenance},
} 

@inproceedings{Daniel:2010:TRU:1831708.1831734,
 author = {Daniel, Brett and Gvero, Tihomir and Marinov, Darko},
 title = {On Test Repair Using Symbolic Execution},
 booktitle = {Proceedings of the 19th International Symposium on Software Testing and Analysis},
 series = {ISSTA '10},
 year = {2010},
 isbn = {978-1-60558-823-0},
 location = {Trento, Italy},
 pages = {207--218},
 numpages = {12},
 url = {http://doi.acm.org/10.1145/1831708.1831734},
 doi = {10.1145/1831708.1831734},
 acmid = {1831734},
 publisher = {ACM},
 address = {New York, NY, USA},
 keywords = {pex, reassert, symbolic execution, symbolic test repair, test repair},
} 

@misc{sahi,
  key = {Sahi},
  organisation = {Sahi Pro},
  title = {{Sahi Pro}},
  howpublished = {\url{http://sahipro.com}},
  note = {Accessed: 2016-10-01},
  year = {2016}
}

@misc{eggplant,
  author = {{EggPlant Functional}},
  title = {Automated testing tools for everything},
  howpublished = {\url{http://www.testplant.com/eggplant/testing-tools/eggplant-developer/}},
  note = {Accessed: 2016-10-21},
  year = {2016}
}

@inproceedings{Sikuli,
	Acmid = {1753555},
	Author = {Chang, Tsung-Hsiang and Yeh, Tom and Miller, Robert C.},
	Booktitle = {Proceedings of 28th ACM Conference on Human Factors in Computing Systems},
	Keywords = {gui automation, gui testing, test by demonstration},
	Numpages = {10},
	Pages = {1535--1544},
	Publisher = {ACM},
	Series = {CHI 2010},
	Title = {{GUI} testing using computer vision},
	Year = {2010}}

@inproceedings{Alegroth2013jat,
	Author = {Al{\'e}groth, Emil and Nass, Michel and Olsson, Helena Holmstr{\"o}m},
  title = {J{A}utomate: A Tool for System- and Acceptance-test Automation},
	booktitle = {Proceedings of the IEEE 6th International Conference on Software Testing, Verification and Validation},
	year = {2013},
  isbn = {978-0-7695-4968-2},
  pages = {439--446},
  numpages = {8},
  url = {http://dx.doi.org/10.1109/ICST.2013.61},
  doi = {10.1109/ICST.2013.61},
  acmid = {2511627},
  publisher = {IEEE},
  keywords = {JAutomate, Test automation, Testing, Tool, Visual GUI Testing}
}

@InProceedings{ringer,
  author = {Barman, Shaon and Chasins, Sarah and Bodik, Rastislav and Gulwani, Sumit},
 title = {Ringer: Web Automation by Demonstration},
 booktitle = {Proceedings of the 2016 ACM SIGPLAN International Conference on Object-Oriented Programming, Systems, Languages, and Applications},
 series = {OOPSLA 2016},
 year = {2016},
 isbn = {978-1-4503-4444-9},
 location = {Amsterdam, Netherlands},
 pages = {748--764},
 numpages = {17},
 url = {http://doi.acm.org/10.1145/2983990.2984020},
 doi = {10.1145/2983990.2984020},
 acmid = {2984020},
 publisher = {ACM},
 keywords = {Automation, Browser, Javascript, Record-Replay},
}

@inproceedings{Hammoudi-2016-FSE,
 author = {Hammoudi, Mouna and Rothermel, Gregg and Stocco, Andrea},
 title = {WATERFALL: An Incremental Approach for Repairing Record-replay Tests of Web Applications},
 booktitle = {Proceedings of the 2016 24th ACM SIGSOFT International Symposium on Foundations of Software Engineering},
 series = {FSE 2016},
 year = {2016},
 isbn = {978-1-4503-4218-6},
 location = {Seattle, WA, USA},
 pages = {751--762},
 numpages = {12},
 url = {http://doi.acm.org/10.1145/2950290.2950294},
 doi = {10.1145/2950290.2950294},
 acmid = {2950294},
 publisher = {ACM},
 address = {New York, NY, USA},
 keywords = {record/replay tests, test case repair, web applications},
}

@inproceedings{Yandrapally:2014:RTA:2610384.2610390,
	Author = {Yandrapally, Rahulkrishna and Thummalapenta, Suresh and Sinha, Saurabh and Chandra, Satish},
	Booktitle = {Proceedings of the 2014 International Symposium on Software Testing and Analysis},
	Keywords = {GUI test automation, test-script fragility},
	Numpages = {11},
	Pages = {304--314},
	Publisher = {ACM},
	Series = {ISSTA 2014},
	Title = {Robust Test Automation Using Contextual Clues},
	Year = {2014}
}

@inproceedings{Thummalapenta:2013:ECT:2486788.2486926,
  Acmid = {2486926},
  Author = {Thummalapenta, Suresh and Devaki, Pranavadatta and Sinha, Saurabh and Chandra, Satish and Gnanasundaram, Sivagami and Nagaraj, Deepa D. and Sathishkumar, Sampathkumar},
  Booktitle = {Proceedings of the 35th International Conference on Software Engineering},
  Isbn = {978-1-4673-3076-3},
  Location = {San Francisco, CA, USA},
  Numpages = {10},
  Pages = {1002--1011},
  Publisher = {IEEE},
  series = {ICSE 2013},
  Title = {Efficient and Change-resilient Test Automation: An Industrial Case Study},
  Url = {http://dl.acm.org/citation.cfm?id=2486788.2486926},
  Year = {2013}
}

@inproceedings{2014-leotta-WoSAR,
	Author = {Maurizio Leotta and Andrea Stocco and Filippo Ricca and Paolo Tonella},
	Booktitle = {Proceedings of 25th International Symposium on Software Reliability Engineering Workshops},
	Pages = {(in press)},
	Publisher = {IEEE Computer Society},
	Series = {ISSREW 2014},
	Title = {Reducing Web Test Cases Aging by means of Robust {XP}ath Locators},
	Year = {2014}
}

@inproceedings{7381848, 
author={Z. Gao and C. Fang and A. M. Memon}, 
booktitle={Software Reliability Engineering (ISSRE), 2015 IEEE 26th International Symposium on}, 
title={Pushing the limits on automation in GUI regression testing}, 
year={2015}, 
pages={565-575}, 
keywords={graphical user interfaces;program testing;regression analysis;automated software GUI regression testing;automatic test case generation;false negatives;false positives;software updates;software-under-test;test failure;test inputs;test oracle;workflow-based test eases}, 
doi={10.1109/ISSRE.2015.7381848}, 
month={Nov},}

@article{Nguyen2014,
author="Nguyen, Bao N.
and Robbins, Bryan
and Banerjee, Ishan
and Memon, Atif",
title="GUITAR: an innovative tool for automated testing of GUI-driven software",
journal="Automated Software Engineering",
year="2014",
volume="21",
number="1",
pages="65--105",
issn="1573-7535",
doi="10.1007/s10515-013-0128-9",
url="http://dx.doi.org/10.1007/s10515-013-0128-9"
}

@inproceedings{Ramler:2006:EPT:1138929.1138946,
 author = {Ramler, Rudolf and Wolfmaier, Klaus},
 title = {Economic Perspectives in Test Automation: Balancing Automated and Manual Testing with Opportunity Cost},
 booktitle = {Proceedings of the 1st International Workshop on Automation of Software Test},
 series = {AST 2006},
 year = {2006},
 isbn = {1-59593-408-1},
 location = {Shanghai, China},
 pages = {85--91},
 numpages = {7},
 acmid = {1138946},
 publisher = {ACM},
 keywords = {automated testing, benefits and costs of automation, manual testing, testing economics},
} 

@book{Fewster,
  Author = {Fewster, Mark and Graham, Dorothy},
  Isbn = {0-201-33140-3},
  Publisher = {Addison-Wesley Longman Publishing Co., Inc.},
  Title = {Software Test Automation: Effective Use of Test Execution Tools},
  Year = {1999}
}

@article {STVR:STVR121,
author = {Binder, Robert V.},
title = {Testing object-oriented software: a survey},
journal = {Software Testing, Verification and Reliability},
volume = {6},
number = {3-4},
publisher = {John Wiley & Sons, Ltd},
issn = {1099-1689},
pages = {125--252},
year = {1996},
}

@inproceedings{JAMAICA2013,
  Author = {Maurizio Leotta and Diego Clerissi and Filippo Ricca and Cristiano Spadaro},
  Booktitle = {Proceedings of 1st International Workshop on Joining AcadeMiA and Industry Contributions to testing Automation},
  Pages = {53--58},
  Publisher = {ACM},
  Series = {JAMAICA 2013},
  Title = {Comparing the Maintainability of {S}elenium {WebDriver} Test Suites Employing Different Locators: A Case Study},
  Year = {2013}}

  @inproceedings{Leotta-TAIC-2013,
  Author = {Maurizio Leotta and Diego Clerissi and Filippo Ricca and Cristiano Spadaro},
  Booktitle = {Proceedings of 6th International Conference on Software Testing, Verification and Validation Workshops},
  Pages = {108-113},
  Publisher = {IEEE Computer Society},
  Series = {ICSTW 2013},
  Title = {Improving Test Suites Maintainability with the Page Object Pattern: an Industrial Case Study},
  Year = {2013}}

@inproceedings{2015-leotta-ICST,
   title     = {Using Multi-Locators to Increase the Robustness of Web Test Cases},
   author    = {Maurizio Leotta and Andrea Stocco and Filippo Ricca and Paolo Tonella},
   booktitle = {Proceedings of 8th International Conference on Software Testing, Verification and Validation},
   series={ICST 2015},
   pages = {1-10},
   Publisher = {IEEE Computer Society},
   year      = {2015},
}

@article{2016-Leotta-JSEP,
  Author = {Maurizio Leotta and Andrea Stocco and Filippo Ricca and Paolo Tonella},
  Journal = {Journal of Software: Evolution and Process},
  Pages = {177--204},
  volume = "28",
  Publisher = {John Wiley & Sons},
  Url = {http://dx.doi.org/10.1002/smr.1771},
  Doi = {10.1002/smr.1771},
  Title = {{ROBULA+}: An Algorithm for Generating Robust {XPath} Locators for Web Testing},
  Year = {2016}
}

@article{2016-leotta-Advances,
title = "Approaches and Tools for Automated End-to-End Web Testing",
publisher = "Elsevier",
year = "2016",
volume = "101",
pages = "193--237",
Journal = "Advances in Computers",
issn = "0065-2458",
doi = "10.1016/bs.adcom.2015.11.007",
url = "http://dx.doi.org/10.1016/bs.adcom.2015.11.007",
author = "Maurizio Leotta and Diego Clerissi and Filippo Ricca and Paolo Tonella",
}



@misc{applitools,
key={Applitools},
title = {Applitools. Visual app testing and monitoring.},
howpublished = {\url{https://applitools.com/}},
note = {Accessed: 2017-08-01},
year = {2017}
}

@misc{selenium,
key = {Selenium},
title = {{SeleniumHQ} Web Browser Automation},
howpublished = {\url{http://www.seleniumhq.org/}},
note = {Accessed: 2017-08-01},
year = {2017}
}

@misc{claroline,
key={Claroline},
title = {Claroline. Open Source Learning Management System.},
howpublished = {\url{https://sourceforge.net/projects/claroline/}},
year = {2017}
}

@misc{sf,
key={SourceForge},
title = {Download, develop and publish free open source software.},
howpublished = {\url{https://sourceforge.net/}},
year = {2017}
}

@article{DBLP:journals/ac/TonellaRM14,
  Author = {Paolo Tonella and Filippo Ricca and Alessandro Marchetto},
  Bibsource = {DBLP, http://dblp.uni-trier.de},
  Ee = {http://dx.doi.org/10.1016/B978-0-12-800162-2.00001-4},
  Journal = {Advances in Computers},
  Pages = {1-51},
  Title = {Recent Advances in Web Testing},
  Volume = {93},
  Year = {2014}}

@misc{gh,
key={GitHub},
title = {How people build software.},
howpublished = {\url{https://github.com/}},
year = {2017}
}

@inproceedings{Zhang:2013:ARB:2483760.2483775,
 author = {Zhang, Sai and L\"{u}, Hao and Ernst, Michael D.},
 title = {Automatically Repairing Broken Workflows for Evolving GUI Applications},
 booktitle = {Proceedings of the 2013 International Symposium on Software Testing and Analysis},
 series = {ISSTA 2013},
 year = {2013},
 isbn = {978-1-4503-2159-4},
 location = {Lugano, Switzerland},
 pages = {45--55},
 numpages = {11},
 url = {http://doi.acm.org/10.1145/2483760.2483775},
 doi = {10.1145/2483760.2483775},
 acmid = {2483775},
 publisher = {ACM},
 address = {New York, NY, USA},
 keywords = {Dynamic analysis, GUI applications, workflows},
} 

@inproceedings{Choudhary:2011:WWA:2002931.2002935,
	Author = {Choudhary, Shauvik Roy and Zhao, Dan and Versee, Husayn and Orso, Alessandro},
	Booktitle = {Proceedings of the 1st International Workshop on End-to-End Test Script Engineering},
	Isbn = {978-1-4503-0808-3},
	Keywords = {test repair, web testing},
	Location = {Toronto, Ontario, Canada},
	Numpages = {6},
	Pages = {24--29},
	Publisher = {ACM},
	Series = {ETSE 2011},
	Title = {WATER: Web Application TEst Repair},
	Year = {2011}}
	
  @inproceedings{Hammoudi-2016-ICST,
  title = {Why do Record/Replay Tests of Web Applications Break?},
  booktitle = {Proceedings of 9th International Conference on Software Testing, Verification and Validation},
  series = {ICST 2016},
  year = {2016},
  pages = {180--190},
  publisher = {IEEE},
  author = {Mouna Hammoudi and Gregg Rothermel and Paolo Tonella}
}